% This file was created with JabRef 2.10b2.
% Encoding: UTF8


@Book{Nascimento2014,
  Title                    = {Modelo de Monografia},
  Author                   = {Diego Nascimento},
  Publisher                = {Instituto Federal do Rio Grande do Norte},
  Year                     = {2014}
}

@ONLINE{Lhamas2014,
  title         = {{Worldwide Smartphone Market Grows 28.6\% Year Over Year in the First Quarter of 2014, According to IDC}},
  year          = {2014},
  address       = {http://www.idc.com/getdoc.jsp?containerId=prUS24823414},
  urlaccessdate = {04 aug. 2014},
  author        = {R. Lhamas and M. Chau and M. Shirer}
}

@ONLINE{jim2014,
  title         = {{The iPhone 6 Had Better Be Amazing And Cheap, Because Apple Is Losing The War To Android}},
  year          = {2014},
  address       = {http://www.businessinsider.com/iphone-v-android-market-share-2014-5},
  urlaccessdate = {04 jun. 2016},
  author        = {Jim Edwards}
}

@INPROCEEDINGS{Gronli2014, 
author={T. M. Gronli and J. Hansen and G. Ghinea and M. Younas}, 
booktitle={2014 IEEE 28th International Conference on Advanced Information Networking and Applications}, 
title={Mobile Application Platform Heterogeneity: Android vs Windows Phone vs iOS vs Firefox OS}, 
year={2014}, 
pages={635-641}, 
keywords={Internet;innovation management;mobile computing;operating systems (computers);smart phones;software engineering;Android phone;Firefox OS;Gartner Group;Web technologies;Windows phone;iOS;mobile application platform heterogeneity;operating systems;smartphones;software-led innovation;tic-tac-toe game;Hardware;Java;Mobile communication;Operating systems;Smart phones;Android;Cross Platform Development;Firefox OS;Mobile Computing;Mobile Development Environment;Native Apps;Web Apps;Windows Phone;iOS}, 
doi={10.1109/AINA.2014.78}, 
ISSN={1550-445X}, 
month={May},}

@phdthesis{Alves2007,
abstract = {Linha de Produtos de Software (LPS) {\'{e}} uma aborgadem promissora para o desenvolvimento de um conjunto de produtos focados em um segmento de mercado e desenvolvidos a partir de um conjunto comum de artefatos. Poss{\'{i}}veis benef{\'{i}}cios incluem reuso em larga escala e significativa melhoria em produtividade. Um problema-chave associado, no entanto, {\'{e}} o tratamento de estrat{\'{e}}gias de implanta{\c{c}}{\~{a}}o, em que uma organiza{\c{c}}{\~{a}}o decide iniciar uma LPS a partir do zero, fazer bootstrap de produtos existentes em uma LPS, ou evoluir uma LPS. Em particular, no n{\'{i}}vel de implementa{\c{c}}{\~{a}}o e de modelo de features, m{\'{e}}todos de desenvolvimento carecem de apoio adequado para extra{\c{c}}{\~{a}}o e evolu{\c{c}}{\~{a}}o de LPSs. Neste contexto, apresentamos um m{\'{e}}todo original provendo diretrizes concretas para extra{\c{c}}{\~{a}}o e evolu{\c{c}}{\~{a}}o de LPSs no n{\'{i}}vel de implementa{\c{c}}{\~{a}}o e de modelo de features, nos quais proporciona reuso e seguran{\c{c}}a. O m{\'{e}}todo primeiro faz o bootstrap da LPS e ent{\~{a}}o a evolui com uma abordagem reativa. O m{\'{e}}todo se baseia em uma cole{\c{c}}{\~{a}}o de refatoramentos tanto na implementa{\c{c}}{\~{a}}o (refatoramentos orientados a aspectos) como no modelo de features. O m{\'{e}}todo foi avaliado no dom{\'{i}}nio altamente vari{\'{a}}vel de jogos m{\'{o}}veis.},
author = {Alves, Vander Ramos},
file = {:home/adorilson/Dropbox/Mendeley Desktop/2007/Alves - 2007 - Implementing Software Product Line Adoption Strategies.pdf:pdf},
keywords = {Linha de produtos de software,aspects,design patterns,estrat{\'{e}}gias de implanta{\c{c}}{\~{a}}o,feature models,j2me,jogos m{\'{o}}veis.,modelo de features,programa{\c{c}}{\~{a}}o orientada a aspectos,software product line,software reuse},
mendeley-tags = {aspects,design patterns,feature models,j2me,software product line,software reuse},
pages = {178},
school = {Universidade Federal de Pernambuco},
title = {{Implementing Software Product Line Adoption Strategies}},
type = {PhD},
url = {http://twiki.cin.ufpe.br/twiki/bin/view/SPG/GenteAreaThesis http://twiki.cin.ufpe.br/twiki/pub/SPG/GenteAreaThesis/PhD-thesis-Vander-Alves.pdf},
year = {2007}
}

@article{Alves2005,
  author = {Vander Alves},
  title = {Identifying Variations in Mobile Devices},
  journal = {Journal of Object Technology},
  volume = {4},
  number = {3},
  issn = {1660-1769},
  year = {2005},
  month = apr,
  editor = {Karine Arnout and Douglas R. Dechow and Andreas Pleuss and Matthew J. Rutherford and Denis Shestakov and Daniel von Dincklage},
  note = {GPCE Young Researchers Workshop 2004},
  pages = {51-56},
  doi = {10.5381/jot.2005.4.3.a7},
  url = {http://www.jot.fm/contents/issue\_2005\_04/article7.html}
}

@inproceedings{Dehlinger2011,
abstract = {The rapid proliferation and ubiquity of mobile, smart devices in the consumer market has forced the software engineering community to quickly adapt development approaches conscious of the novel capabilities of mobile applications. The combination of computing power, access to novel onboard sensors and ease of application transfer to market has made mobile devices the new computing platform for businesses and independent developers. However, the growth of this new computing platform has outpaced the software engineering work tailored to mobile application development. This position paper looks at four significant challenges to mobile application software engineering and provides a discussion of possible research directions, drawing from existing areas of software engineering, that should be further examined. Specifically, we examine the challenge of: 1) creating user interfaces accessible to differentlyabled users; 2) handling the complexity of providing applications across multiple mobile platforms; 3) designing context-aware aware applications; and, 4) specifying requirements uncertainty},
author = {Dehlinger, Josh and Dixon, Jeremy},
booktitle = {Workshop on Mobile Software Engineering},
file = {:home/adorilson/Dropbox/Mendeley Desktop/2011/Dehlinger, Dixon - 2011 - Mobile Application Software Engineering Challenges and Research Directions.pdf:pdf},
keywords = {mobile,software product line},
mendeley-tags = {mobile,software product line},
title = {{Mobile Application Software Engineering: Challenges and Research Directions}},
url = {http://www.mobileseworkshop.org/papers/7{\_}Dehlinger{\_}Dixon.pdf},
year = {2011}
}

@inproceedings{Linares-Vasquez2013,
abstract = {During the recent years, themarket of mobile software appli- cations (apps) has maintained an impressive upward trajec- tory. Many small and large software development companies invest considerable resources to target available opportuni- ties. As of today, the markets for such devices feature over 850K+ apps for Android and 900K+ for iOS. Availability, cost, functionality, and usability are just some factors that determine the success or lack of success for a given app. Among the other factors, reliability is an important criteria: users easily get frustrated by repeated failures, crashes, and other bugs; hence, abandoning some apps in favor of others. This paper reports a study analyzing how the fault- and change-proneness of APIs used by 7,097 (free) Android apps relates to applications' lack of success, estimated from user ratings. Results of this study provide important insights into a crucial issue: making heavy use of fault- and change-prone APIs can negatively impact the success of these apps.},
address = {New York, New York, USA},
annote = {Lido em 02-08-2014},
author = {Linares-V{\'{a}}squez, Mario and Bavota, Gabriele and Bernal-C{\'{a}}rdenas, Carlos and {Di Penta}, Massimiliano and Oliveto, Rocco and Poshyvanyk, Denys},
booktitle = {Proceedings of the 2013 9th Joint Meeting on Foundations of Software Engineering - ESEC/FSE 2013},
doi = {10.1145/2491411.2491428},
file = {:home/adorilson/Copy/Mendeley Desktop/2013/Linares-V{\'{a}}squez et al. - 2013 - API change and fault proneness a threat to the success of Android apps.pdf:pdf},
isbn = {9781450322379},
keywords = {API changes,Android,Empirical Studies,Mining Software Repositories,android,mestrado,sugarloaf 2014,ufrn},
mendeley-tags = {android,mestrado,sugarloaf 2014,ufrn},
month = {aug},
pages = {477},
publisher = {ACM Press},
title = {{API change and fault proneness: a threat to the success of Android apps}},
url = {http://dl.acm.org/citation.cfm?id=2491411.2491428},
year = {2013}
}

@ONLINE{GuiaAndroid,
  title         = {{Android Developers}},
  year          = {2016},
  address       = {https://developer.android.com/index.html},
  urlaccessdate = {04 jun. 2016},
  author        = {Android}
}

